@book{nielson1992semantics,
  title={Semantics with applications: An Appetizer},
  author={Nielson, Hanne Riis and Nielson, Flemming},
  volume={104},
  year={1992},
  publisher={Springer}
}

@article{abramsky1994domain,
  title={Domain theory},
  author={Abramsky, Samson and Jung, Achim},
  year={1994},
  publisher={Oxford University Press}
}

@article{kavanagh2020domain,
  title={A Domain Semantics for Higher-Order Recursive Processes},
  author={Kavanagh, Ryan},
  journal={arXiv preprint arXiv:2002.01960},
  year={2020}
}

@inproceedings{scott1982domains,
  title={Domains for denotational semantics},
  author={Scott, Dana S},
  booktitle={International Colloquium on Automata, Languages, and Programming},
  pages={577--610},
  year={1982},
  organization={Springer}
}

@techreport{gunter1989semantic,
  title={Semantic domains and denotational semantics},
  author={Gunter, Carl A and Mosses, Peter D and Scott, Dana S},
  year={1989},
  institution={MOORE SCHOOL OF ELECTRICAL ENGINEERING PHILADELPHIA PA DEPT OF COMPUTER AND~â€¦}
}

@book{winskel1993formal,
  title={The formal semantics of programming languages: an introduction},
  author={Winskel, Glynn},
  year={1993},
  publisher={MIT press}
}
@incollection{gunter1990semantic,
  title={Semantic domains},
  author={Gunter, Carl A and Scott, Dana S},
  booktitle={Formal Models and Semantics},
  pages={633--674},
  year={1990},
  publisher={Elsevier}
}

@incollection{scott2007logic,
  title={Logic and programming languages},
  author={Scott, Dana S},
  booktitle={ACM Turing award lectures},
  pages={1976},
  year={2007}
}
