@misc{rosu2018plsemantics,
  author       = {Grigore Rosu},
  title        = {Programming Language Semantics: A Rewriting Approach},
  institution  = {University of Illinois at Urbana-Champaign},
  note         = {http://fsl.cs.illinois.edu/images/c/ca/CS522-Fall-2018-basic-semantics.pdf, CS522 Class Notes},
  year         = {2018}
}

@inproceedings{kahn1987natural,
  title={Natural semantics},
  author={Kahn, Gilles},
  booktitle={Annual symposium on theoretical aspects of computer science},
  pages={22--39},
  year={1987},
  organization={Springer}
}

@book{winskel1993formal,
  title={The formal semantics of programming languages: an introduction},
  author={Winskel, Glynn},
  year={1993},
  publisher={MIT press}
}

@inproceedings{owens2016functional,
  title={Functional big-step semantics},
  author={Owens, Scott and Myreen, Magnus O and Kumar, Ramana and Tan, Yong Kiam},
  booktitle={European Symposium on Programming},
  pages={589--615},
  year={2016},
  organization={Springer}
}

@inproceedings{chargueraud2013pretty,
  title={Pretty-big-step semantics},
  author={Chargu{\'e}raud, Arthur},
  booktitle={European Symposium on Programming},
  pages={41--60},
  year={2013},
  organization={Springer}
}

@incollection{mitchell1990type,
  title={Type systems for programming languages},
  author={Mitchell, John C},
  booktitle={Formal Models and Semantics},
  pages={365--458},
  year={1990},
  publisher={Elsevier}
}

@article{wright1994syntactic,
  title={A syntactic approach to type soundness},
  author={Wright, Andrew K and Felleisen, Matthias},
  journal={Information and computation},
  volume={115},
  number={1},
  pages={38--94},
  year={1994},
  publisher={Elsevier}
}

@misc{pfenning2004notes,
  author       = {Pfenning, Frank},
  title        = {Lectures Notes on Type Safety},
  note         = {Class Notes, 15-312 Foundations of Programming Languages, https://www.cs.cmu.edu/~fp/courses/15312-f04/handouts/06-safety.pdf},
  year         = {2004}
}

@article{leroy2009coinductive,
  title={Coinductive big-step operational semantics},
  author={Leroy, Xavier and Grall, Herv{\'e}},
  journal={Information and Computation},
  volume={207},
  number={2},
  pages={284--304},
  year={2009},
  publisher={Elsevier}
}

@book{nielson2007semantics,
  title={Semantics with applications: an appetizer},
  author={Nielson, Hanne Riis and Nielson, Flemming},
  year={2007},
  publisher={Springer Science \& Business Media}
}